@ARTICLE{Foreman-Mackey2015,
   author = {{Foreman-Mackey}, D. and {Montet}, B.~T. and {Hogg}, D.~W. and
	{Morton}, T.~D. and {Wang}, D. and {Sch{\"o}lkopf}, B.},
    title = "{A systematic search for transiting planets in the K2 data}",
  journal = {ArXiv e-prints},
archivePrefix = "arXiv",
   eprint = {1502.04715},
 primaryClass = "astro-ph.EP",
 keywords = {Astrophysics - Earth and Planetary Astrophysics, Astrophysics - Instrumentation and Methods for Astrophysics},
     year = 2015,
    month = feb,
   adsurl = {http://adsabs.harvard.edu/abs/2015arXiv150204715F},
  adsnote = {Provided by the SAO/NASA Astrophysics Data System}
}

@ARTICLE{Vanderburg2014,
   author = {{Vanderburg}, A. and {Johnson}, J.~A.},
    title = "{A Technique for Extracting Highly Precise Photometry for the Two-Wheeled Kepler Mission}",
  journal = {\pasp},
archivePrefix = "arXiv",
   eprint = {1408.3853},
 primaryClass = "astro-ph.IM",
 keywords = {Data Analysis and Techniques},
     year = 2014,
    month = dec,
   volume = 126,
    pages = {948-958},
      doi = {10.1086/678764},
   adsurl = {http://adsabs.harvard.edu/abs/2014PASP..126..948V},
  adsnote = {Provided by the SAO/NASA Astrophysics Data System}
}

@ARTICLE{Christiansen2012,
   author = {{Christiansen}, J.~L. and {Jenkins}, J.~M. and {Caldwell}, D.~A. and
	{Burke}, C.~J. and {Tenenbaum}, P. and {Seader}, S. and {Thompson}, S.~E. and
	{Barclay}, T.~S. and {Clarke}, B.~D. and {Li}, J. and {Smith}, J.~C. and
	{Stumpe}, M.~C. and {Twicken}, J.~D. and {Van Cleve}, J.},
    title = "{The Derivation, Properties, and Value of Kepler''s Combined Differential Photometric Precision}",
  journal = {\pasp},
archivePrefix = "arXiv",
   eprint = {1208.0595},
 primaryClass = "astro-ph.EP",
 keywords = {Extrasolar Planets},
     year = 2012,
    month = dec,
   volume = 124,
    pages = {1279-1287},
      doi = {10.1086/668847},
   adsurl = {http://adsabs.harvard.edu/abs/2012PASP..124.1279C},
  adsnote = {Provided by the SAO/NASA Astrophysics Data System}
}

@ARTICLE{Smith2012,
   author = {{Smith}, J.~C. and {Stumpe}, M.~C. and {Van Cleve}, J.~E. and others},
    title = "{Kepler Presearch Data Conditioning II - A Bayesian Approach to Systematic Error Correction}",
  journal = {\pasp},
archivePrefix = "arXiv",
   eprint = {1203.1383},
 primaryClass = "astro-ph.IM",
 keywords = {Data Analysis and Techniques},
     year = 2012,
    month = sep,
   volume = 124,
    pages = {1000-1014},
      doi = {10.1086/667697},
   adsurl = {http://adsabs.harvard.edu/abs/2012PASP..124.1000S},
  adsnote = {Provided by the SAO/NASA Astrophysics Data System}
}

@ARTICLE{Stumpe2012,
   author = {{Stumpe}, M.~C. and {Smith}, J.~C. and {Van Cleve}, J.~E. and others},
    title = "{Kepler Presearch Data Conditioning I - Architecture and Algorithms for Error Correction in Kepler Light Curves}",
  journal = {\pasp},
archivePrefix = "arXiv",
   eprint = {1203.1382},
 primaryClass = "astro-ph.IM",
 keywords = {Data Analysis and Techniques},
     year = 2012,
    month = sep,
   volume = 124,
    pages = {985-999},
      doi = {10.1086/667698},
   adsurl = {http://adsabs.harvard.edu/abs/2012PASP..124..985S},
  adsnote = {Provided by the SAO/NASA Astrophysics Data System}
}

@ARTICLE{Garcia2011,
   author = {{Garc{\'{\i}}a}, R.~A. and {Hekker}, S. and {Stello}, D. and
	{Guti{\'e}rrez-Soto}, J. and {Handberg}, R. and {Huber}, D. and
	{Karoff}, C. and {Uytterhoeven}, K. and {Appourchaux}, T. and
	{Chaplin}, W.~J. and {Elsworth}, Y. and {Mathur}, S. and {Ballot}, J. and
	{Christensen-Dalsgaard}, J. and {Gilliland}, R.~L. and {Houdek}, G. and
	{Jenkins}, J.~M. and {Kjeldsen}, H. and {McCauliff}, S. and
	{Metcalfe}, T. and {Middour}, C.~K. and {Molenda-Zakowicz}, J. and
	{Monteiro}, M.~J.~P.~F.~G. and {Smith}, J.~C. and {Thompson}, M.~J.
	},
    title = "{Preparation of Kepler light curves for asteroseismic analyses}",
  journal = {\mnras},
archivePrefix = "arXiv",
   eprint = {1103.0382},
 primaryClass = "astro-ph.SR",
 keywords = {asteroseismology, methods: data analysis},
     year = 2011,
    month = jun,
   volume = 414,
    pages = {L6-L10},
      doi = {10.1111/j.1745-3933.2011.01042.x},
   adsurl = {http://adsabs.harvard.edu/abs/2011MNRAS.414L...6G},
  adsnote = {Provided by the SAO/NASA Astrophysics Data System}
}

@ARTICLE{McQuillan2013,
   author = {{McQuillan}, A. and {Aigrain}, S. and {Mazeh}, T.},
    title = "{Measuring the rotation period distribution of field M dwarfs with Kepler}",
  journal = {\mnras},
archivePrefix = "arXiv",
   eprint = {1303.6787},
 primaryClass = "astro-ph.SR",
 keywords = {methods: data analysis, stars: evolution, stars: low-mass, stars: magnetic field, stars: rotation},
     year = 2013,
    month = jun,
   volume = 432,
    pages = {1203-1216},
      doi = {10.1093/mnras/stt536},
   adsurl = {http://adsabs.harvard.edu/abs/2013MNRAS.432.1203M},
  adsnote = {Provided by the SAO/NASA Astrophysics Data System}
}

@ARTICLE{Garcia2014,
   author = {{Garc{\'{\i}}a}, R.~A. and {Ceillier}, T. and {Salabert}, D. and others},
    title = "{Rotation and magnetism of Kepler pulsating solar-like stars. Towards asteroseismically calibrated age-rotation relations}",
  journal = {\aap},
archivePrefix = "arXiv",
   eprint = {1403.7155},
 primaryClass = "astro-ph.SR",
 keywords = {asteroseismology, stars: activity, stars: rotation, stars: solar-type, stars: evolution, stars: oscillations},
     year = 2014,
    month = dec,
   volume = 572,
      eid = {A34},
    pages = {A34},
      doi = {10.1051/0004-6361/201423888},
   adsurl = {http://adsabs.harvard.edu/abs/2014A%26A...572A..34G},
  adsnote = {Provided by the SAO/NASA Astrophysics Data System}
}

@ARTICLE{Reinhold2013,
   author = {{Reinhold}, T. and {Reiners}, A.},
    title = "{Fast and reliable method for measuring stellar differential rotation from photometric data}",
  journal = {\aap},
archivePrefix = "arXiv",
   eprint = {1306.2176},
 primaryClass = "astro-ph.SR",
 keywords = {stars: rotation, starspots, methods: analytical, methods: statistical, techniques: photometric},
     year = 2013,
    month = sep,
   volume = 557,
      eid = {A11},
    pages = {A11},
      doi = {10.1051/0004-6361/201321161},
   adsurl = {http://adsabs.harvard.edu/abs/2013A%26A...557A..11R},
  adsnote = {Provided by the SAO/NASA Astrophysics Data System}
}
